<record><leader>00000cas a22000007a 4500</leader><controlfield tag="001">20025444</controlfield><controlfield tag="008">890718d19751975pauwr ne      0    0eng d</controlfield><datafield ind1=" " ind2=" " tag="010"><subfield code="a">sn 89077569 </subfield></datafield><datafield ind1=" " ind2=" " tag="040"><subfield code="a">NPH</subfield><subfield code="b">eng</subfield><subfield code="c">NPH</subfield><subfield code="d">OCLCQ</subfield></datafield><datafield ind1=" " ind2=" " tag="042"><subfield code="a">msc</subfield></datafield><datafield ind1="0" ind2=" " tag="130"><subfield code="a">Susquehanna bulletin (Marietta, Pa.)</subfield></datafield><datafield ind1="1" ind2="0" tag="245"><subfield code="a">Susquehanna bulletin.</subfield></datafield><datafield ind1="1" ind2="7" tag="246"><subfield code="a">Susquehanna times and Mount Joy bulletin</subfield></datafield><datafield ind1=" " ind2=" " tag="260"><subfield code="a">Marietta, Pa. :</subfield><subfield code="b">Nancy H. Bromer,</subfield><subfield code="c">1975-</subfield></datafield><datafield ind1=" " ind2=" " tag="300"><subfield code="a">v. :</subfield><subfield code="b">ill. ;</subfield><subfield code="c">40 cm.</subfield></datafield><datafield ind1=" " ind2=" " tag="310"><subfield code="a">Weekly</subfield></datafield><datafield ind1="0" ind2=" " tag="362"><subfield code="a">Vol. 75, no. 6 (Feb. 12, 1975)-</subfield></datafield><datafield ind1="1" ind2=" " tag="362"><subfield code="a">Ceased in 1975.</subfield></datafield><datafield ind1=" " ind2=" " tag="752"><subfield code="a">United States</subfield><subfield code="b">Pennsylvania</subfield><subfield code="c">Lancaster</subfield><subfield code="d">Marietta.</subfield></datafield><datafield ind1=" " ind2=" " tag="752"><subfield code="a">United States</subfield><subfield code="b">Pennsylvania</subfield><subfield code="c">Lancaster</subfield><subfield code="d">Mount Joy.</subfield></datafield><datafield ind1="0" ind2="0" tag="780"><subfield code="t">Susquehanna times &amp; the Mount Joy bulletin</subfield><subfield code="w">(DLC)sn 89077568</subfield></datafield><datafield ind1="0" ind2="0" tag="785"><subfield code="t">Susquehanna times (Marietta, Pa.)</subfield><subfield code="w">(DLC)sn 89077138</subfield></datafield></record>